%#############################Ali###########################
@article{Gram-schmidth1,
  title={Gram-schmidt orthogonalization},
  author={Arfken, George},
  journal={Mathematical methods for physicists},
  volume={3},
  pages={516--520},
  year={1985},
  publisher={Academic Press Orlando, FL}
}
@BOOK{Gram-schmidth2,
  title={Matrix algorithms volume 1: Basic decompositions},
  author={Stewart, Gilbert W},
  volume={2},
  year={1998},
  publisher={Society for Industrial and Applied Mathematics}
}
%###################################################################
@article{mortality,
    author      = "Christopher JL Murray and Alan D Lopez",
    title       = "Measuring the global burden of disease",
    journal       = "New England Journal of Medicine",
    year       = "2013",
    volume       = "369",
    number       = "5",
    pages       = "448-457",
}

@online{who,
  author = {World Health Organization},
  title = {Cardiovascular diseases (CVDs)},
  year = 2017,
  url = {http://www.who.int/news-room/fact-sheets/detail/cardiovascular-diseases-(cvds)},
  urldate = {2018-06-12}
}

@article{smith2004principles,
  title={Principles for national and regional guidelines on cardiovascular disease prevention: a scientific statement from the World Heart and Stroke Forum},
  author={Smith, Sidney C and Jackson, Rod and Pearson, Thomas A and Fuster, Valentin and Yusuf, Salim and Faergeman, Ole and Wood, David A and Alderman, Michael and Horgan, John and Home, Philip and others},
  journal={Circulation},
  volume={109},
  number={25},
  pages={3112--3121},
  year={2004},
  publisher={Am Heart Assoc}
}

@article{somers2008sleep,
  title={Sleep apnea and cardiovascular disease: An american heart association/american college of cardiology foundation scientific statement from the american heart association council for high blood pressure research professional education committee, council on clinical cardiology, stroke council, and council on cardiovascular nursing in collaboration with the national heart, lung, and blood institute national center on sleep disorders research (national institutes of health)},
  author={Somers, Virend K and White, David P and Amin, Raouf and Abraham, William T and Costa, Fernando and Culebras, Antonio and Daniels, Stephen and Floras, John S and Hunt, Carl E and Olson, Lyle J and others},
  journal={Circulation},
  volume={118},
  number={10},
  pages={1080--1111},
  year={2008},
  publisher={Am Heart Assoc}
  }

@article{besterman1979waller,
  title={Waller--pioneer of electrocardiography.},
  author={Besterman, Edwin and Creese, Richard},
  journal={British Heart Journal},
  volume={42},
  number={1},
  pages={61},
  year={1979},
  publisher={BMJ Publishing Group}
}
    
@article{SCDnumber,
  title={Heart disease and stroke statistics—2010 update},
  author={Lloyd-Jones, Donald and Adams, Robert J and Brown, Todd M and Carnethon, Mercedes and Dai, Shifan and De Simone, Giovanni and Ferguson, T Bruce and Ford, Earl and Furie, Karen and Gillespie, Cathleen and others},
  journal={Circulation},
  volume={121},
  number={7},
  pages={e46--e215},
  year={2010},
  publisher={Am Heart Assoc}
}



@article{circulation2010,
  title={Sudden cardiac death prediction and prevention: report from a National Heart, Lung, and Blood Institute and Heart Rhythm Society Workshop},
  author={Fishman, Glenn I and Chugh, Sumeet S and DiMarco, John P and Albert, Christine M and Anderson, Mark E and Bonow, Robert O and Buxton, Alfred E and Chen, Peng-Sheng and Estes, Mark and Jouven, Xavier and others},
  journal={Circulation},
  volume={122},
  number={22},
  pages={2335--2348},
  year={2010},
  publisher={Am Heart Assoc}
}

@article{whooley2008depressive,
  title={Depressive symptoms, health behaviors, and risk of cardiovascular events in patients with coronary heart disease},
  author={Whooley, Mary A and de Jonge, Peter and Vittinghoff, Eric and Otte, Christian and Moos, Rudolf and Carney, Robert M and Ali, Sadia and Dowray, Sunaina and Na, Beeya and Feldman, Mitchell D and others},
  journal={Jama},
  volume={300},
  number={20},
  pages={2379--2388},
  year={2008},
  publisher={American Medical Association}
}

@article{kreger1987electrocardiogram,
  title={The electrocardiogram in prediction of sudden death: Framingham Study experience},
  author={Kreger, Bernard E and Cupples, L Adrienne and Kannel, William B},
  journal={American heart journal},
  volume={113},
  number={2},
  pages={377--382},
  year={1987},
  publisher={Elsevier}
}

@article{wilson1998prediction,
  title={Prediction of coronary heart disease using risk factor categories},
  author={Wilson, Peter WF and D’Agostino, Ralph B and Levy, Daniel and Belanger, Albert M and Silbershatz, Halit and Kannel, William B},
  journal={Circulation},
  volume={97},
  number={18},
  pages={1837--1847},
  year={1998},
  publisher={Am Heart Assoc}
}

@ARTICLE{Sayadi, 
author={O. Sayadi$^*$ and M. B. Shamsollahi}, 
journal={IEEE Transactions on Biomedical Engineering}, 
title={ECG Denoising and Compression Using a Modified Extended Kalman Filter Structure}, 
year={2008}, 
volume={55}, 
number={9}, 
pages={2240-2248}, 
keywords={Kalman filters;data compression;electrocardiography;image denoising;medical image processing;ECG denoising;EKF structure;Massachusetts Institute of Technology-Beth Israel Deaconess Medical Center;electrocardiogram signals;hybrid system;lossy image compression;modified extended Kalman filter structure;performance evaluation;weighted diagnostic distortion;Area measurement;Atherosclerosis;Chromium;Distortion measurement;Electrocardiography;Equations;Measurement standards;Medical diagnostic imaging;Noise reduction;Performance evaluation;Denosing;ECG;ECG dynamical model (EDM);Extended Kalman filter;Lossy compression;denosing;dynamical model;extended Kalman filter (EKF);hidden state variables;lossy compression;Algorithms;Artifacts;Data Compression;Diagnosis, Computer-Assisted;Electrocardiography;Models, Neurological;Signal Processing, Computer-Assisted}, 
doi={10.1109/TBME.2008.921150}, 
ISSN={0018-9294}, 
month={Sept},}

@inproceedings{lian2004ecg,
  title={ECG noise reduction using multiplier-free FIR digital filters},
  author={Lian, Yong and Ho, Poh Choo},
  booktitle={Signal Processing, 2004. Proceedings. ICSP'04. 2004 7th International Conference on},
  volume={3},
  pages={2198--2201},
  year={2004},
  organization={IEEE}
}


@inproceedings{nikolaev2000wavelet,
  title={Wavelet domain Wiener filtering for ECG denoising using improved signal estimate},
  author={Nikolaev, Nikolay and Nikolov, Z and Gotchev, A and Egiazarian, K},
  booktitle={Acoustics, Speech, and Signal Processing, 2000. ICASSP'00. Proceedings. 2000 IEEE International Conference on},
  volume={6},
  pages={3578--3581},
  year={2000},
  organization={IEEE}
}


  @article{Hu_et_al,
        author      = "Hen Hu Yu and Palreddy S. and J. Tompkins W.",
        title       = "A patient-adaptable \textsc{ECG} beat classifier using a mixture of experts approach",
        journal       = "IEEE Transactions on Biomedical Engineering",
        year       = "1997",
        volume       = "44",
        number       = "9",
        pages       = "891-900",
        url       = "10.1109/10.623058",
    }
    
    
    
@article{llamedo2012automatic,
  title={An automatic patient-adapted ECG heartbeat classifier allowing expert assistance},
  author={Llamedo, Mariano and Mart{\'\i}nez, Juan Pablo},
  journal={IEEE Transactions on Biomedical Engineering},
  volume={59},
  number={8},
  pages={2312--2320},
  year={2012},
  publisher={IEEE}
}
    
    
  @article{agesex,
        author      = "Larry S Green and Robert L Lux and CHARLES W Haws and R R Williams and Steven C Hunt and M J Burgess",
        title       = "Effects of age, sex, and body habitus on \textsc{QRS} and \textsc{ST-T }potential maps of 1100 normal subjects.",
        journal       = "Circulation",
        year       = "1985",
        volume       = "71",
        number       = "2",
        pages       = "244-253",
    }
  @article{bbnn,
        author      = "Wei Jiang and Seong G Kong",
        title       = "Block-based neural networks for personalized \textsc{ECG} signal classification",
        journal       = "IEEE Transactions on Neural Networks",
        year       = "2007",
        volume       = "18",
        number       = "6",
        pages       = "1750-1761",
    }
  @article{Kiranyaz,
        author      = "Serkan Kiranyaz and Turker Ince and Moncef Gabbouj",
        title       = "Real-time patient-specific ECG classification by 1-D convolutional neural networks",
        journal       = "IEEE Transactions on Biomedical Engineering",
        year       = "2016",
        volume       = "63",
        number       = "3",
        pages       = "664-675",
    }

@ARTICLE{intervaria, 
	author={R. Hoekema and G. J. H. Uijen and A. van Oosterom}, 
	journal={IEEE Transactions on Biomedical Engineering}, 
	title={Geometrical aspects of the interindividual variability of multilead ECG recordings}, 
	year={2001}, 
	volume={48}, 
	number={5}, 
	pages={551-559}, 
	keywords={electrocardiography;inverse problems;medical signal processing;waveform analysis;QRS interval;cardiac equivalent source;correction procedure;geometrical factors;interindividual variability;inverse computation;multilead ECG recordings;pericardial potentials;relative contribution;simulated body surface potentials;thorax properties;waveform analysis;Biomedical measurements;Cardiology;Electrocardiography;Electrodes;Geometry;Heart;Hospitals;Medical diagnostic imaging;Ribs;Solid modeling;Body Surface Potential Mapping;Humans;Models, Cardiovascular;Reproducibility of Results;Signal Processing, Computer-Assisted}, 
	doi={10.1109/10.918594}, 
	ISSN={0018-9294}, 
	month={May},}

@ARTICLE{deChazal2006, 
	author={P. de Chazal and R. B. Reilly}, 
	journal={IEEE Transactions on Biomedical Engineering}, 
	title={A Patient-Adapting Heartbeat Classifier Using ECG Morphology and Heartbeat Interval Features}, 
	year={2006}, 
	volume={53}, 
	number={12}, 
	pages={2535-2543}, 
	keywords={electrocardiography;medical signal processing;signal classification;ECG morphology;adapted classification system;automatic arrhythmia monitoring;electrocardiogram processing;global classifier;heartbeat classification;heartbeat interval features;local classifier;patient-adapting heartbeat classifier;ANSI standards;Adaptive systems;Computerized monitoring;Electrocardiography;Heart beat;Heart rate variability;Linear discriminant analysis;Morphology;Rhythm;Transaction databases;Adaptive classifier;ECG;heartbeat classifier;linear discriminant analysis;statistical classifier model;Algorithms;Arrhythmias, Cardiac;Artificial Intelligence;Diagnosis, Computer-Assisted;Electrocardiography;Heart Rate;Humans;Pattern Recognition, Automated;Reproducibility of Results;Sensitivity and Specificity}, 
	doi={10.1109/TBME.2006.883802}, 
	ISSN={0018-9294}, 
	month={Dec},}
    
    
@article{ince2009generic,
  title={A generic and robust system for automated patient-specific classification of ECG signals},
  author={Ince, Turker and Kiranyaz, Serkan and Gabbouj, Moncef},
  journal={IEEE Transactions on Biomedical Engineering},
  volume={56},
  number={5},
  pages={1415--1426},
  year={2009},
  publisher={IEEE}
}
  
 @article{advancewarning,
  	title={Personalized Monitoring and Advance Warning System for Cardiac Arrhythmias},
  	author={Kiranyaz, Serkan and Ince, Turker and Gabbouj, Moncef},
  	journal={Scientific Reports},
  	volume={7},
  	number={1},
  	pages={9270},
  	year={2017},
  	publisher={Nature Publishing Group}
  }
  
  
@book{houghton2014making,
  title={Making sense of the ECG: a hands-on guide},
  author={Houghton, Andrew and Gray, David},
  year={2014},
  publisher={CRC Press}
}


@article{ng2006treating,
  title={Treating patients with ventricular ectopic beats},
  author={Ng, G Andr{\'e}},
  journal={Heart},
  volume={92},
  number={11},
  pages={1707--1712},
  year={2006},
  publisher={BMJ Publishing Group Ltd}
}

@inproceedings{chen2018predictive,
	title={A predictive framework for ECG signal processing using controlled nonlinear transformation},
	author={Chen, Jiaming and Razi, Abolfazl},
	booktitle={Biomedical \& Health Informatics (BHI), 2018 IEEE EMBS International Conference on},
	pages={161--165},
	year={2018},
	organization={IEEE}
}

@article{jchen,
	Author = {Chen, Jiaming and Peng, Han and Razi, Abolfazl},
	Date-Added = {2017-10-09 16:55:41 +0000},
	Date-Modified = {2017-10-09 16:56:21 +0000},
	Journal = {Journal of Systemics, Cybernetics and Informatics},
	Number = {4},
	Pages = {82--89},
	Title = {Remote \textsc{ECG} Monitoring Kit to Predict Patient-Specific Heart Abnormalities},
	Volume = {15},
	Year = {2017}}

@article{physionet,
  title={Physiobank, physiotoolkit, and physionet},
  author={Goldberger, Ary L and Amaral, Luis AN and Glass, Leon and Hausdorff, Jeffrey M and Ivanov, Plamen Ch and Mark, Roger G and Mietus, Joseph E and Moody, George B and Peng, Chung-Kang and Stanley, H Eugene},
  journal={Circulation},
  volume={101},
  number={23},
  pages={e215--e220},
  year={2000},
  publisher={Am Heart Assoc}
}

@article{mitdb,
	Author = {Moody, George B and Mark, Roger G},
	Date-Added = {2017-03-13 19:36:21 +0000},
	Date-Modified = {2017-03-13 19:36:21 +0000},
	Journal = {IEEE Engineering in Medicine and Biology Magazine},
	Number = {3},
	Pages = {45--50},
	Publisher = {IEEE},
	Title = {The impact of the MIT-BIH arrhythmia database},
	Volume = {20},
	Year = {2001}}

@article{aami,
	Author = {EC57, ANSI-AAMI},
	Date-Added = {2017-03-13 19:36:16 +0000},
	Date-Modified = {2017-03-13 19:36:16 +0000},
	Journal = {Association for the Advancement of Medical Instrumentation, Arlington, VA},
	Title = {Testing and reporting performance results of cardiac rhythm and ST segment measurement algorithms},
	Year = {1998}}

@article{autofs,
	Author = {Philip de Chazal and M. O'Dwyer and R. B. Reilly},
	Date-Added = {2017-03-13 19:39:19 +0000},
	Date-Modified = {2017-03-13 19:39:19 +0000},
	Doi = {10.1109/TBME.2004.827359},
	Issn = {0018-9294},
	Journal = {IEEE Transactions on Biomedical Engineering},
	Month = {July},
	Number = {7},
	Pages = {1196-1206},
	Title = {Automatic classification of heartbeats using \textsc{ECG} morphology and heartbeat interval features},
	Volume = {51},
	Year = {2004},
	Bdsk-Url-1 = {http://dx.doi.org/10.1109/TBME.2004.827359}}


@article{thakor1984estimation,
  title={Estimation of QRS complex power spectra for design of a QRS filter},
  author={Thakor, Nitish V and Webster, John G and Tompkins, Willis J},
  journal={IEEE Transactions on biomedical engineering},
  number={11},
  pages={702--706},
  year={1984},
  publisher={IEEE}
}

@inproceedings{bai2004adjustable,
  title={Adjustable 60Hz noise reduction by a notch filter for ECG signals},
  author={Bai, Ying-Wen and Chu, Wen-Yang and Chen, Chien-Yu and Lee, Yi-Ting and Tsai, Yi-Ching and Tsai, Cheng-Hung},
  booktitle={Instrumentation and Measurement Technology Conference, 2004. IMTC 04. Proceedings of the 21st IEEE},
  volume={3},
  pages={1706--1711},
  year={2004},
  organization={IEEE}
}

@article{poungponsri2013adaptive,
  title={An adaptive filtering approach for electrocardiogram (ECG) signal noise reduction using neural networks},
  author={Poungponsri, Suranai and Yu, Xiao-Hua},
  journal={Neurocomputing},
  volume={117},
  pages={206--213},
  year={2013},
  publisher={Elsevier}
}

@article{denoise,
  title={Optimal selection of wavelet basis function applied to ECG signal denoising},
  author={Singh, Brij N and Tiwari, Arvind K},
  journal={Digital signal processing},
  volume={16},
  number={3},
  pages={275--287},
  year={2006},
  publisher={Elsevier}
}

@article{afonso1999ecg,
  title={ECG beat detection using filter banks},
  author={Afonso, Valtino X and Tompkins, Willis J and Nguyen, Truong Q and Luo, Shen},
  journal={IEEE transactions on biomedical engineering},
  volume={46},
  number={2},
  pages={192--202},
  year={1999},
  publisher={IEEE}
}

@article{sadhukhan2012r,
  title={R-peak detection algorithm for ECG using double difference and RR interval processing},
  author={Sadhukhan, Deboleena and Mitra, Madhuchhanda},
  journal={Procedia Technology},
  volume={4},
  pages={873--877},
  year={2012},
  publisher={Elsevier}
}

@article{mehta2008svm,
  title={SVM-based algorithm for recognition of QRS complexes in electrocardiogram},
  author={Mehta, SS and Lingayat, NS},
  journal={IRBM},
  volume={29},
  number={5},
  pages={310--317},
  year={2008},
  publisher={Elsevier}
}

@article{martinez2004wavelet,
  title={A wavelet-based ECG delineator: evaluation on standard databases},
  author={Mart{\'\i}nez, Juan Pablo and Almeida, Rute and Olmos, Salvador and Rocha, Ana Paula and Laguna, Pablo},
  journal={IEEE transactions on biomedical engineering},
  volume={51},
  number={4},
  pages={570--581},
  year={2004},
  publisher={IEEE}
}

@article{fs,
  title={Optimization of ECG classification by means of feature selection},
  author={Mar, Tanis and Zaunseder, Sebastian and Mart{\'\i}nez, Juan Pablo and Llamedo, Mariano and Poll, R{\"u}diger},
  journal={IEEE transactions on Biomedical Engineering},
  volume={58},
  number={8},
  pages={2168--2177},
  year={2011},
  publisher={IEEE}
}
    
@article{2012qrs,
	Author = {Zidelmal, Zahia and Amirou, Ahmed and Adnane, Mourad and Belouchrani, Adel},
	Date-Added = {2017-03-14 19:56:30 +0000},
	Date-Modified = {2017-03-14 19:56:30 +0000},
	Journal = {Computer methods and programs in biomedicine},
	Number = {3},
	Pages = {490--496},
	Publisher = {Elsevier},
	Title = {\textsc{QRS} detection based on wavelet coefficients},
	Volume = {107},
	Year = {2012}}
    
@article{banerjee2012delineation,
  title={Delineation of ECG characteristic features using multiresolution wavelet analysis method},
  author={Banerjee, S and Gupta, R and Mitra, M},
  journal={Measurement},
  volume={45},
  number={3},
  pages={474--487},
  year={2012},
  publisher={Elsevier}
}


@article{andreao2006ecg,
  title={ECG signal analysis through hidden Markov models},
  author={Andre{\~a}o, Rodrigo Varej{\~a}o and Dorizzi, Bernadette and Boudy, J{\'e}r{\^o}me},
  journal={IEEE Transactions on Biomedical engineering},
  volume={53},
  number={8},
  pages={1541--1549},
  year={2006},
  publisher={IEEE}
}
    
@article{wknn,
  title={Weighted k-nearest-neighbor techniques and ordinal classification},
  author={Hechenbichler, Klaus and Schliep, Klaus},
  year={2004}
}

@article{ceylan2009novel,
  title={A novel approach for classification of ECG arrhythmias: Type-2 fuzzy clustering neural network},
  author={Ceylan, Rahime and {\"O}zbay, Y{\"u}ksel and Karlik, Bekir},
  journal={Expert Systems with Applications},
  volume={36},
  number={3},
  pages={6721--6726},
  year={2009},
  publisher={Elsevier}
}

@ARTICLE{fs_svm, 
author={F. Alonso-Atienza and E. Morgado and L. Fernández-Martínez and A. García-Alberola and J. L. Rojo-Álvarez}, 
journal={IEEE Transactions on Biomedical Engineering}, 
title={Detection of Life-Threatening Arrhythmias Using Feature Selection and Support Vector Machines}, 
year={2014}, 
volume={61}, 
number={3}, 
pages={832-840}, 
keywords={electrocardiography;feature extraction;learning (artificial intelligence);medical disorders;medical signal detection;medical signal processing;signal classification;statistical analysis;support vector machines;Creighton University ventricular tachycardia database;ECG;complexity parameters;defibrillation therapy;electrocardiography;feature selection;life-threatening arrhythmia detection;medical imaging technology database;nonshockable arrhythmias;parameter extraction;rapid ventricular tachycardia;sensitivity analysis;shockable arrhythmias;specificity analysis;spectral parameters;statistical learning algorithms;support vector machines classifiers;temporal parameters;ventricular arrhythmia database;ventricular fibrillation;Biomedical measurement;Correlation;Electrocardiography;Heart beat;Power capacitors;Support vector machines;Thyristors;Feature selection (FS);support vector machines (SVM);ventricular fibrillation (VF) detection;Databases, Factual;Electrocardiography;Humans;ROC Curve;Signal Processing, Computer-Assisted;Support Vector Machines;Tachycardia, Ventricular;Ventricular Fibrillation}, 
doi={10.1109/TBME.2013.2290800}, 
ISSN={0018-9294}, 
month={March},}

@article{yeh2010feature,
  title={Feature selection algorithm for ECG signals using range-overlaps method},
  author={Yeh, Yun-Chi and Wang, Wen-June and Chiou, Che Wun},
  journal={Expert Systems with Applications},
  volume={37},
  number={4},
  pages={3499--3512},
  year={2010},
  publisher={Elsevier}
}


@article{nsphere,
  title={A derivation of n-dimensional spherical coordinates},
  author={Blumenson, LE},
  journal={The American Mathematical Monthly},
  volume={67},
  number={1},
  pages={63--66},
  year={1960},
  publisher={JSTOR}
}


@article{lagerholm2000clustering,
  title={Clustering ECG complexes using Hermite functions and self-organizing maps},
  author={Lagerholm, Martin and Peterson, Carsten and Braccini, Guido and Edenbrandt, Lars and Sornmo, Leif},
  journal={IEEE Transactions on Biomedical Engineering},
  volume={47},
  number={7},
  pages={838--848},
  year={2000},
  publisher={IEEE}
}

inproceedings{prasad2003classification,
  title={Classification of ECG arrhythmias using multi-resolution analysis and neural networks},
  author={Prasad, G Krishna and Sahambi, JS},
  booktitle={TENCON 2003. Conference on Convergent Technologies for the Asia-Pacific Region},
  volume={1},
  pages={227--231},
  year={2003},
  organization={IEEE}
}

@article{osowski2004support,
  title={Support vector machine-based expert system for reliable heartbeat recognition},
  author={Osowski, Stanislaw and Hoai, Linh Tran and Markiewicz, Tomasz},
  journal={IEEE transactions on biomedical engineering},
  volume={51},
  number={4},
  pages={582--589},
  year={2004},
  publisher={IEEE}
}

@inproceedings{prasad2003classification,
  title={Classification of ECG arrhythmias using multi-resolution analysis and neural networks},
  author={Prasad, G Krishna and Sahambi, JS},
  booktitle={TENCON 2003. Conference on Convergent Technologies for the Asia-Pacific Region},
  volume={1},
  pages={227--231},
  year={2003},
  organization={IEEE}
}

@book{shawe2004kernel,
  title={Kernel methods for pattern analysis},
  author={Shawe-Taylor, John and Cristianini, Nello},
  year={2004},
  publisher={Cambridge university press}
}

@book{scholkopf1999advances,
  title={Advances in kernel methods: support vector learning},
  author={Sch{\"o}lkopf, Bernhard and Burges, Christopher JC and Smola, Alexander J},
  year={1999},
  publisher={MIT press}
}

@book{cristianini2000introduction,
  title={An introduction to support vector machines and other kernel-based learning methods},
  author={Cristianini, Nello and Shawe-Taylor, John},
  year={2000},
  publisher={Cambridge university press}
}

@article{evgeniou2000regularization,
  title={Regularization networks and support vector machines},
  author={Evgeniou, Theodoros and Pontil, Massimiliano and Poggio, Tomaso},
  journal={Advances in computational mathematics},
  volume={13},
  number={1},
  pages={1},
  year={2000},
  publisher={Springer}
}


@inproceedings{jambukia2015classification,
	title={Classification of ECG signals using machine learning techniques: A survey},
	author={Jambukia, Shweta H and Dabhi, Vipul K and Prajapati, Harshadkumar B},
	booktitle={Computer Engineering and Applications (ICACEA), 2015 International Conference on Advances in},
	pages={714--721},
	year={2015},
	organization={IEEE}
}


@article{coello2002mopso,
	title={MOPSO: A proposal for multiple objective particle swarm optimization},
	author={Coello Coello, Carlos A},
	journal={Proc. Congr. Evolutionary Computation (CEC'2002), Honolulu, HI, 5},
	volume={1},
	pages={1051--1056},
	year={2002}
}

@inproceedings{alvarez2005mopso,
	title={A MOPSO algorithm based exclusively on pareto dominance concepts},
	author={Alvarez-Benitez, Julio E and Everson, Richard M and Fieldsend, Jonathan E},
	booktitle={International Conference on Evolutionary Multi-Criterion Optimization},
	pages={459--473},
	year={2005},
	organization={Springer}
}

@article{park1998application,
  title={Application of a wavelet adaptive filter to minimise distortion of the ST-segment},
  author={Park, KL and Lee, KJ and Yoon, HR},
  journal={Medical and Biological Engineering and Computing},
  volume={36},
  number={5},
  pages={581--586},
  year={1998},
  publisher={Springer}
}

@article{aronszajn1950theory,
  title={Theory of reproducing kernels},
  author={Aronszajn, Nachman},
  journal={Transactions of the American mathematical society},
  volume={68},
  number={3},
  pages={337--404},
  year={1950}
}

@article{chapelle1999support,
  title={Support vector machines for histogram-based image classification},
  author={Chapelle, Olivier and Haffner, Patrick and Vapnik, Vladimir N},
  journal={IEEE transactions on Neural Networks},
  volume={10},
  number={5},
  pages={1055--1064},
  year={1999},
  publisher={IEEE}
}

@inproceedings{jebara2004multi,
  title={Multi-task feature and kernel selection for SVMs},
  author={Jebara, Tony},
  booktitle={Proceedings of the twenty-first international conference on Machine learning},
  pages={55},
  year={2004},
  organization={ACM}
}

@article{lanckriet2002robust,
  title={A robust minimax approach to classification},
  author={Lanckriet, Gert RG and Ghaoui, Laurent El and Bhattacharyya, Chiranjib and Jordan, Michael I},
  journal={Journal of Machine Learning Research},
  volume={3},
  number={Dec},
  pages={555--582},
  year={2002}
}


@article{castells2007principal,
  title={Principal component analysis in ECG signal processing},
  author={Castells, Francisco and Laguna, Pablo and S{\"o}rnmo, Leif and Bollmann, Andreas and Roig, Jos{\'e} Millet},
  journal={EURASIP Journal on Advances in Signal Processing},
  volume={2007},
  number={1},
  pages={074580},
  year={2007},
  publisher={Springer}
}